@article{gartner_hype,
  title={{Hype Cycle for Emerging Technologies, 2015}},
  author={Burton, Betsy and Walker, MJ},
  journal={Stamford, USA: Gartner},
  year={2015}
}

@article{intserv_diffserv_uitleg,
  title={{Quality of service terminology in IP networks}},
  author={Gozdecki, Janusz and Jajszczyk, Andrzej and Stankiewicz, Rafal},
  journal={IEEE communications magazine},
  volume={41},
  number={3},
  pages={153--159},
  year={2003},
  publisher={IEEE}
}

@inproceedings{nbiot_vs_lora_vs_sigfox,
  title={{Coverage and Capacity Analysis of Sigfox, LoRa, GPRS, and NB-IoT}},
  author={Vejlgaard, Benny and Lauridsen, Mads and Nguyen, Huan and Kov{\'a}cs, Istv{\'a}n and Mogensen, Preben and S{\o}rensen, Mads},
  booktitle={Proceedings of the IEEE 85th Vehicular Technology Conference, Sydney, Australia},
  pages={4--7},
  year={2017}
}

@article{gsma,
  title={{3GPP Low Power Wide Area Technologies}},
  journal={GSMA white paper},
  year={2016},
  howpublished={\url{https://www.gsma.com/iot/wp-content/uploads/2016/10/3GPP-Low-Power-Wide-Area-Technologies-GSMA-White-Paper.pdf}}
}

@inproceedings{qos_specific_wsn,
  title={{QoS Support in Wireless Sensor Networks: A Survey.}},
  author={Chen, Dazhi and Varshney, Pramod K},
  booktitle={International conference on wireless networks},
  volume={233},
  pages={1--7},
  year={2004}
}

@article{intserv_diffserv_too_complex,
  title={{Information-centric networking for the internet of things: challenges and opportunities}},
  author={Amadeo, Marica and Campolo, Claudia and Quevedo, Jose and Corujo, Daniel and Molinaro, Antonella and Iera, Antonio and Aguiar, Rui L and Vasilakos, Athanasios V},
  journal={IEEE Network},
  volume={30},
  number={2},
  pages={92--100},
  year={2016},
  publisher={IEEE}
}

@article{security_2_smart_grid,
  title={{Security issues and challenges for the IoT-based smart grid}},
  author={Bekara, Chakib},
  journal={Procedia Computer Science},
  volume={34},
  pages={532--537},
  year={2014},
  publisher={Elsevier}
}

@inproceedings{future_of_architecture,
  title={{Future internet: the internet of things architecture, possible applications and key challenges}},
  author={Khan, Rafiullah and Khan, Sarmad Ullah and Zaheer, Rifaqat and Khan, Shahid},
  booktitle={Frontiers of Information Technology (FIT), 2012 10th International Conference on},
  pages={257--260},
  year={2012},
  organization={IEEE}
}

@book{iac_triad,
  title={{Information security illuminated}},
  author={Chapple, Mike and others},
  pages={2--4},
  year={2005},
  publisher={Jones \& Bartlett Learning}
}

@book{dsss,
  title={{Communication System.s, 4th ed.}},
  isbn={9788126509041},
  author={Haykin, Simon},
  pages={479--478,488--499},
  year={2006},
  publisher={Wiley India Pvt. Limited}
}


@MISC{iac_triad_img,
  author = {{ITSecurity.Org}},
  title ={{IAC triad}},
  year = {2017},
  note = {[online] accessed 10 April 2018]},
  howpublished={\url{http://itsecurity.org/wp-content/uploads/CIA-Triad1-300x176.png}}
}

@article{security_risks_ocean_connect,
  title={{IoT platforms: Enabling the Internet of Things}},
  author={Lucero, Sam and others},
  journal={IHS Technology white paper},
  year={2016}
}

@article{value_of,
  title={{The Internet of Things (IoT): Applications, investments, and challenges for enterprises}},
  author={Lee, In and Lee, Kyoochun},
  journal={Business Horizons},
  volume={58},
  number={4},
  pages={431--440},
  year={2015},
  publisher={Elsevier}
}

@article{key_features,
  title={{The Internet of Things vision: Key features, applications and open issues}},
  author={Borgia, Eleonora},
  journal={Computer Communications},
  volume={54},
  pages={1--31},
  year={2014},
  publisher={Elsevier}
}

@article{lte_security,
  title={{A survey on security aspects for LTE and LTE-A networks}},
  author={Cao, Jin and Ma, Maode and Li, Hui and Zhang, Yueyu and Luo, Zhenxing},
  journal={IEEE Communications Surveys \& Tutorials},
  volume={16},
  number={1},
  pages={283--302},
  year={2014},
  publisher={IEEE}
}

@inproceedings{classification,
  title={{Sensorscope: Out-of-the-box environmental monitoring}},
  author={Barrenetxea, Guillermo and Ingelrest, Fran{\c{c}}ois and Schaefer, Gunnar and Vetterli, Martin and Couach, Olivier and Parlange, Marc},
  booktitle={Proceedings of the 7th international conference on Information processing in sensor networks},
  pages={332--343},
  year={2008},
  organization={IEEE Computer Society}
}

@article{tmobile,
  title={{Narrowband IoT: The Game Changer for the Internet of Things}},
  journal={T-Mobile white paper},
  year={2017},
  howpublished={\url{https://iot.telekom.com/fileadmin/iot_downloads/Whitepaper_NarrowBand_IoT_-_The_Game_Changer_for_the_Internet_of_Things_-_1.10.2017.pdf}}
}

@article{vodafone,
  title={{Narrowband-IoT: pushing the boundries of IoT}},
  journal={Vodafone white paper},
  year={2017},
  howpublished={\url{http://www.vodafone.com/business/news-and-insights/white-paper/narrowband-iot-pushing-the-boundaries-of-iot}}
}

@inproceedings{nbiot,
  title={{Overview of narrowband IoT in LTE Rel-13}},
  author={Ratasuk, Rapeepat and Mangalvedhe, Nitin and Zhang, Yanji and Robert, Michel and Koskinen, Jussi-Pekka},
  booktitle={Standards for Communications and Networking (CSCN), 2016 IEEE Conference on},
  pages={1--7},
  year={2016},
  organization={IEEE}
}

@article{nbiot_smart_grid,
  title={{Smart Choice for the Smart Grid: Narrowband Internet of Things (NB-IoT)}},
  author={Li, Yuke and Cheng, Xiang and Cao, Yang and Wang, Dexin and Yang, Liuqing},
  journal={IEEE Internet of Things Journal},
  year={2017},
  publisher={IEEE}
}

@inproceedings{qos_extensive_architecture,
  title={{A QoS architecture for IOT}},
  author={Duan, Ren and Chen, Xiaojiang and Xing, Tianzhang},
  booktitle={Internet of Things (iThings/CPSCom), 2011 International Conference on and 4th International Conference on Cyber, Physical and Social Computing},
  pages={717--720},
  year={2011},
  organization={IEEE}
}

@inproceedings{qos_difficult,
  title={{Network architecture and QoS issues in the internet of things for a smart city}},
  author={Jin, Jiong and Gubbi, Jayavardhana and Luo, Tie and Palaniswami, Marimuthu},
  booktitle={Communications and Information Technologies (ISCIT), 2012 International Symposium on},
  pages={956--961},
  year={2012},
  organization={IEEE}
}

@misc{monitoring4,
  title={{Monitoring of Things: Exploring a New World of Data}},
  author={Praessler, Dirk},
  howpublished={\url{https://blog.paessler.com/monitoring-of-things-exploring-a-new-world-of-data}},
  year={2014},
  note={[online], accessed 10 April 2018}
}

@inproceedings{platforms,
  title={{Survey of Internet-of-Things platforms}},
  author={Zdravkovi{\'c}, Milan and Trajanovi{\'c}, Miroslav and Sarraipa, Jo{\~a}o and Jardim-Gon{\c{c}}alves, Ricardo and Lezoche, Mario and Aubry, Alexis and Panetto, Herv{\'e}},
  booktitle={6th International Conference on Information Society and Techology, ICIST 2016},
  volume={1},
  pages={216--220},
  year={2016}
}

@misc{news:deutche_telekom,
  title={{Deutsche Telekom Pushes NB-IoT in Europe and U.S.}},
  author={Marek, Sue},
  howpublished={\url{https://www.sdxcentral.com/articles/news/deutsche-telekom-pushes-nb-iot-europe-u-s/2018/01/}},
  year={2018},
  note={[online] accessed 10 April 2018}
}

@misc{news:vodafone,
  title={{Vodafone launching live NB-IoT networks in Europe and ANZ}},
  author={Reichert, Corinne},
  howpublished={\url{https://www.zdnet.com/article/vodafone-launching-live-nb-iot-networks-in-europe-and-anz/}},
  year={2017},
  note={[online], accessed 10 April 2018}
}

@inproceedings{nbiot_battery_not_suitable,
  title={{NB-IoT system for M2M communication}},
  author={Ratasuk, Rapeepat and Vejlgaard, Benny and Mangalvedhe, Nitin and Ghosh, Amitava},
  booktitle={Wireless Communications and Networking Conference (WCNC), 2016 IEEE},
  pages={1--5},
  year={2016},
  organization={IEEE}
}

@misc{web:lora,
  title={{LoRa Alliance}},
  howpublished={\url{https://www.lora-alliance.org/}},
  note={[website] accessed 10 April 2018}
}

@misc{web:sigfox,
  title={{SigFox}},
  howpublished={\url{https://www.sigfox.com/}},
  note={[website] accessed 10 April 2018}
}

@inproceedings{lora_vs_sigfox,
  title={{Low throughput networks for the IoT: Lessons learned from industrial implementations}},
  author={Margelis, George and Piechocki, Robert and Kaleshi, Dritan and Thomas, Paul},
  booktitle={Internet of Things (WF-IoT), 2015 IEEE 2nd World Forum on},
  pages={181--186},
  year={2015},
  organization={IEEE}
}

@article{open_vs_prop,
  title={{Open-Source vs. Proprietary Software Pros and Cons}},
  journal={Optimus Information white paper},
  year={2015},
  howpublished={\url{http://www.optimusinfo.com/downloads/white-paper/open-source-vs-proprietary-software-pros-and-cons.pdf}}
}

@article{nbiot_vs_lora,
  title={{A survey on LPWA technology: LoRa and NB-IoT}},
  author={Sinha, Rashmi Sharan and Wei, Yiqiao and Hwang, Seung-Hoon},
  journal={ICT Express},
  volume={3},
  number={1},
  pages={14--21},
  year={2017},
  publisher={Elsevier}
}

@article{claims_open_source,
  title={{Should you adopt open source software?}},
  author={Ven, Kris and Verelst, Jan and Mannaert, Herwig},
  journal={IEEE software},
  volume={25},
  number={3},
  pages={54--59},
  year={2008},
  publisher={IEEE}
}

@article{first_security,
  title={{Comparative Analysis of Internet of Things (IoT) based Low Power Wireless Technologies}},
  author={Chaudhary, Himadri and Patel, Honey and Tank, Birju},
  journal={International Journal of Engineering},
  volume={7},
  number={01},
  year={2018}
}

@article{lte_security_white_paper,
  title={{TLE Security: Threats, attacks and protection mechanisms}},
  author={Cherukara, Sony},
  journal={Palindrome Technologies white paper},
  howpublished={\url{http://www.palindrometech.com/wordpress/wp-content/uploads/2017/08/LTE-Security-White-paper-V2.pdf}}
}

@article{popularity_applications_qos_moeilijk,
  title={{Internet of Things (IoT): A vision, architectural elements, and future directions}},
  author={Gubbi, Jayavardhana and Buyya, Rajkumar and Marusic, Slaven and Palaniswami, Marimuthu},
  journal={Future generation computer systems},
  volume={29},
  number={7},
  pages={1645--1660},
  year={2013},
  publisher={Elsevier}
}

@article{how_will_iot_disrupt,
  title={{How Will the Internet of Things Disrupt Your Performance Monitoring Strategy?}},
  journal={SevOne white paper},
  year={2014},
  howpublished={\url{https://www.sevone.com/white-paper/how-will-internet-things-disrupt-your-performance-monitoring-strategy}}
}

@inproceedings{ontology,
  title={{A comprehensive ontology for knowledge representation in the internet of things}},
  author={Wang, Wei and De, Suparna and Toenjes, Ralf and Reetz, Eike and Moessner, Klaus},
  booktitle={Trust, Security and Privacy in Computing and Communications (TrustCom), 2012 IEEE 11th International Conference on},
  pages={1793--1798},
  year={2012},
  organization={IEEE}
}

@inproceedings{qos_tradeoff,
  title={{IoT technologies for embedded computing: A survey}},
  author={Samie, Farzad and Bauer, Lars and Henkel, J{\"o}rg},
  booktitle={Proceedings of the Eleventh IEEE/ACM/IFIP International Conference on Hardware/Software Codesign and System Synthesis},
  pages={8},
  year={2016},
  organization={ACM}
}

@misc{nr_devices_forbes,
  title={{Roundup Of Internet Of Things Forecasts And Market Estimates, 2016}},
  author={Columbus, Louis},
  howpublished={\url{https://www.forbes.com/sites/louiscolumbus/2016/11/27/roundup-of-internet-of-things-forecasts-and-market-estimates-2016/#490e967e292d}},
  year={2016},
  note={Forbes, [online] accessed 10 April 2018}
}

@article{forrester,
  title={{The Forrester Wave: IoT Software Platforms, Q4 2016}},
  journal={Forrester white paper},
  year={2016},
  howpublished={\url{https://www.forrester.com/report/The+Forrester+Wave+IoT+Software+Platforms+Q4+2016/-/E-RES136087}}
}

@article{study_of_various,
  title={{Study of various internet of things platforms}},
  author={Nakhuva, Bhumi and Champaneria, Tushar},
  journal={International Journal of Computer Science \& Engineering Survey},
  volume={6},
  number={6},
  pages={61--74},
  year={2015}
}

@misc{cisco_jasper,
  title={{Control Center for NB-IoT}},
  howpublished={\url{https://www.jasper.com/control-center-for-nb-iot}},
  note={[online], accessed 1 may 2019}
}

@article{gemalto_cinterion,
  title={{Cinterion Module Services: Proactive IoT Device Lifecycle Management}},
  journal={Gemalto product brochure},
  howpublished={\url{https://www.gemalto.com/brochures-site/download-site/Documents/M2M_SL_Module_Services.pdf}}
}

@article{gemalto_linqus,
  title={{LinqUs IoT Quality of Service: Monitoring smart objects connectivity in real time}},
  journal={Gemalto product brochure},
  howpublished={\url{https://www.gemalto.com/brochures-site/download-site/Documents/tel-linqus-iot-quality-of-service.pdf}}
}

@article{good_assessment,
  title={{A survey of IoT cloud platforms}},
  author={Ray, Partha Pratim},
  journal={Future Computing and Informatics Journal},
  volume={1},
  number={1-2},
  pages={35--46},
  year={2016},
  publisher={Elsevier}
}

@article{qos_metrics,
  title={{On real-time performance evaluation of volcano-monitoring systems with wireless sensor networks}},
  author={Lara, Rom{\'a}n and Ben{\'\i}tez, Diego and Caama{\~n}o, Antonio and Zennaro, Marco and Rojo-{\'A}lvarez, Jos{\'e} Luis},
  journal={IEEE Sensors Journal},
  volume={15},
  number={6},
  pages={3514--3523},
  year={2015},
  publisher={IEEE}
}

@article{nr_devices_ericsson,
  title={{Ericsson Mobility Report: june 2016}},
  journal={Ericsson white paper},
  year={2015},
  howpublished={\url{https://www.ericsson.com/assets/local/mobility-report/documents/2016/ericsson-mobility-report-june-2016.pdf}}
}

@inproceedings{iot_vs_wsn,
  title={{Evolution of wireless sensor networks towards the internet of things: A survey}},
  author={Mainetti, Luca and Patrono, Luigi and Vilei, Antonio},
  booktitle={Software, Telecommunications and Computer Networks (SoftCOM), 2011 19th International Conference on},
  pages={1--6},
  year={2011},
  organization={IEEE}
}
@article{open_source_security,
  title={{Increased security through open source}},
  author={Hoepman, Jaap-Henk and Jacobs, Bart},
  journal={Communications of the ACM},
  volume={50},
  number={1},
  pages={79--83},
  year={2007},
  publisher={ACM}
}

@article{sec_through_obsc_vergelijkingen,
  title={{Security by obscurity}},
  author={Mercuri, Rebecca T and Neumann, Peter G},
  journal={Communications of the ACM},
  volume={46},
  number={11},
  pages={160},
  year={2003},
  publisher={ACM}
}

@inproceedings{nbiot_partial_deployment,
  title={{NB-IoT deployment study for low power wide area cellular IoT}},
  author={Mangalvedhe, Nitin and Ratasuk, Rapeepat and Ghosh, Amitava},
  booktitle={Personal, Indoor, and Mobile Radio Communications (PIMRC), 2016 IEEE 27th Annual International Symposium on},
  pages={1--6},
  year={2016},
  organization={IEEE}
}

@misc{web:semtech,
  title={{Semtech}},
  howpublished={\url{https://www.semtech.com/}},
  note={[website] accessed 13 April 2018}
}

@article{lora_vs_sigfox_whitepaper,
  title={{A comprehensive look at Low Power, Wide Area Networks}},
  journal={LinkLabs white paper},
  year={2016},
  howpublished={\url{https://www.link-labs.com/thank-you-lpwan?submissionGuid=844b82d1-3c8a-4f85-9a48-fd828c79af97}}
}

@misc{lora_vs_sigfox_boek,
  title={Unlicensed and licensed low-power wide area networks: Exploring the candidates for massive IoT},
  author={Sj{\"o}str{\"o}m, Daniel},
  year={2017}
}

@article{linus_law,
  title={{The cathedral and the bazaar}},
  author={Raymond, Eric},
  journal={Knowledge, Technology \& Policy},
  volume={12},
  number={3},
  pages={23--49},
  year={1999},
  publisher={Springer}
}

@misc{nimbits_mqtt,
  title={{Nimbits MQTT server}},
  howpublished={\url{https://github.com/nimbits-admin/nimbits-io/wiki/Server-Setup:-Installing-Mosquitto-MQTT-Server}},
  note={[online] accessed 19 April 2018}
}

@article{snmp_proxy,
  title={{Bridging the SNMP gap: Simple network monitoring the internet of things}},
  author={Savi{\'c}, Mihajlo},
  journal={Facta universitatis-series: Electronics and Energetics},
  volume={29},
  number={3},
  pages={475--487},
  year={2016}
}

@article{snmp_server_initiated,
  title={{CoAP-SNMP Interworking IoT Scenarios}},
  author={Lindholm-Ventola, Hanna and Bilhanan, Silverajan},
  journal={Tampere University of Technology, Department of Pervasive Computing. Report},
  volume={3},
  year={2014}
}

@inproceedings{mqtt_vs_coap,
  title={{Performance evaluation of MQTT and CoAP via a common middleware}},
  author={Thangavel, Dinesh and Ma, Xiaoping and Valera, Alvin and Tan, Hwee-Xian and Tan, Colin Keng-Yan},
  booktitle={Intelligent Sensors, Sensor Networks and Information Processing (ISSNIP), 2014 IEEE Ninth International Conference on},
  pages={1--6},
  year={2014},
  organization={IEEE}
}

@article{smart_parking_whitepaper,
  title={{Smart Parking: A Guide to Ensuring a Successful Mobile IoT Deployment}},
  journal={GSMA white paper},
  year={2017},
  howpublished={\url{https://www.gsma.com/iot/wp-content/uploads/2017/09/iot_smartparking_guide3_09_17.pdf}}
}

@misc{web:thingworx,
  title={{PTC ThingWorx}},
  howpublished={\url{https://www.ptc.com/en/products/iot/thingworx-platform}},
  note={[website] accessed 1 may 2019}
}

@misc{web:gemalto,
  title={{Gemalto IoT}},
  howpublished={\url{https://www.gemalto.com/iot}},
  note={[website] accessed 1 may 2019}
}

@misc{web:nimbits,
  title={{Nimbits}},
  howpublished={\url{https://www.nimbits.com/}},
  note={[website] accessed 1 may 2019}
}

@misc{web:sensit,
  title={{Nedap SENSIT}},
  howpublished={\url{https://www.nedapidentification.com/nl/producten/sensit/}},
  note={[website] accessed 21 may 2019}
}

@misc{web:idsystems,
  title={{Nedap --- Identification Systems}},
  howpublished={\url{https://nedap.com/markets/identification-systems/}},
  note={[website] accessed 21 may 2019}
}

@misc{web:nedap,
  title={{Nedap N.V.}},
  howpublished={\url{https://nedap.com/}},
  note={[website] accessed 21 may 2019}
}

@inproceedings{css,
  title={{Spread spectrum communications using chirp signals}},
  author={Springer, A and Gugler, W and Huemer, M and Reindl, L and Ruppel, CCW and Weigel, R},
  booktitle={EUROCOMM 2000. Information Systems for Enhanced Public Safety and Security. IEEE/AFCEA},
  pages={166--170},
  year={2000},
  organization={IEEE}
}

@article{industry40,
  title={{Service innovation and smart analytics for industry 4.0 and big data environment}},
  author={Lee, Jay and Kao, Hung-An and Yang, Shanhu},
  journal={Procedia Cirp},
  volume={16},
  pages={3--8},
  year={2014},
  publisher={Elsevier}
}

@inproceedings{cloud_computing_monitoring,
  title={QoS monitoring in a cloud services environment: the SRT-15 approach},
  author={Cicotti, Giuseppe and Coppolino, Luigi and Cristaldi, Rosario and D’Antonio, Salvatore and Romano, Luigi},
  booktitle={European Conference on Parallel Processing},
  pages={15--24},
  year={2011},
  organization={Springer}
}

@book{snmp,
  title={SNMP, SNMPv2, SNMPv3, and RMON 1 and 2},
  author={Stallings, William},
  year={1998},
  publisher={Addison-Wesley Longman Publishing Co., Inc.}
}

@inproceedings{net_neutrality,
  title={Qos-aware net neutrality},
  author={Domzal, Jerzy and W{\'o}jcik, Robert and Jajszczyk, Andrzej},
  booktitle={2009 First International Conference on Evolving Internet},
  pages={147--152},
  year={2009},
  organization={IEEE}
}

@article{data_enrichment,
  title={A framework for semantic enrichment of sensor data},
  author={Moraru, Alexandra and Mladeni{\'c}, Dunja},
  journal={Journal of computing and information technology},
  volume={20},
  number={3},
  pages={167--173},
  year={2012},
  publisher={SRCE-Sveu{\v{c}}ili{\v{s}}ni ra{\v{c}}unski centar}
}

@inproceedings{information_transformation,
  title={Wrangler: Interactive visual specification of data transformation scripts},
  author={Kandel, Sean and Paepcke, Andreas and Hellerstein, Joseph and Heer, Jeffrey},
  booktitle={Proceedings of the SIGCHI Conference on Human Factors in Computing Systems},
  pages={3363--3372},
  year={2011},
  organization={ACM}
}

@book{data_mining_and_cleaning,
  title={Exploratory data mining and data cleaning},
  author={Dasu, Tamraparni and Johnson, Theodore},
  volume={479},
  year={2003},
  publisher={John Wiley \& Sons},
  chapter=3
}

@article{onion,
  title={Understanding project sociology by modeling stakeholders},
  author={Alexander, Ian and Robertson, Suzanne},
  journal={IEEE Software},
  volume={21},
  number={1},
  pages={23--27},
  year={2004},
  publisher={IEEE}
}

@inproceedings{example_smart_city,
  title={Iot-based smart cities: a survey},
  author={Arasteh, H and Hosseinnezhad, V and Loia, V and Tommasetti, A and Troisi, O and Shafie-Khah, M and Siano, P},
  booktitle={2016 IEEE 16th International Conference on Environment and Electrical Engineering (EEEIC)},
  pages={1--6},
  year={2016},
  organization={IEEE}
}

@article{example_industry,
  title={Industry 4.0: A survey on technologies, applications and open research issues},
  author={Lu, Yang},
  journal={Journal of Industrial Information Integration},
  volume={6},
  pages={1--10},
  year={2017},
  publisher={Elsevier}
}

@article{qoi_definition,
  title={Quality of information in wireless sensor networks: A survey},
  author={Sachidananda, Vinay and Khelil, Abdelmajid and Suri, Neeraj},
  journal={ICIQ (to appear)},
  year={2010}
}

@book{constraint_general,
  title={Handbook of knowledge representation},
  author={Van Harmelen, Frank and Lifschitz, Vladimir and Porter, Bruce},
  volume={1},
  year={2008},
  publisher={Elsevier},
  chapter=4
}

@techreport{constraint_algorithm,
  title={Backtracking algorithms for constraint satisfaction problems},
  author={Dechter, Rina and Frost, Daniel},
  year={1999},
  institution={Technical Report}
}

@article{cv_analysis,
  title={Commonality and variability in software engineering},
  author={Coplien, James and Hoffman, Daniel and Weiss, David},
  journal={IEEE software},
  volume={15},
  number={6},
  pages={37--45},
  year={1998},
  publisher={IEEE}
}

@article{dijkstra,
  title={Essays on the nature and role of mathematical elegance (1)},
  author={Dijkstra, Edsger W},
  year={1977}
}

@incollection{mono_vs_micro,
  title={Microservices: yesterday, today, and tomorrow},
  author={Dragoni, Nicola and Giallorenzo, Saverio and Lafuente, Alberto Lluch and Mazzara, Manuel and Montesi, Fabrizio and Mustafin, Ruslan and Safina, Larisa},
  booktitle={Present and ulterior software engineering},
  pages={195--216},
  year={2017},
  publisher={Springer}
}

@misc{web:rabbitmq,
  title={{RabbitMQ}},
  howpublished={\url{https://www.rabbitmq.com/}},
  note={[website] accessed 11 may 2019}
}

@misc{web:kafka,
  title={{Apache Kafka}},
  howpublished={\url{https://kafka.apache.org/}},
  note={[website] accessed 11 may 2019}
}

@inproceedings{kafka_vs_rabbitmq,
  title={Kafka versus RabbitMQ: A comparative study of two industry reference publish/subscribe implementations: Industry Paper},
  author={Dobbelaere, Philippe and Esmaili, Kyumars Sheykh},
  booktitle={Proceedings of the 11th ACM International Conference on Distributed and Event-based Systems},
  pages={227--238},
  year={2017},
  organization={ACM}
}

@article{mapreduce,
  title={MapReduce: simplified data processing on large clusters},
  author={Dean, Jeffrey and Ghemawat, Sanjay},
  journal={Communications of the ACM},
  volume={51},
  number={1},
  pages={107--113},
  year={2008},
  publisher={ACM}
}

@misc{mapreduce_img,
  title={{Hadoop MapReduce deep diving and tuning}},
  howpublished={\url{https://www.todaysoftmag.com/article/1358/hadoop-mapreduce-deep-diving-and-tuning}},
  note={[website] accessed 11 may 2019}
}

@article{mapreduce_vs_spark,
  title={Clash of the titans: Mapreduce vs. spark for large scale data analytics},
  author={Shi, Juwei and Qiu, Yunjie and Minhas, Umar Farooq and Jiao, Limei and Wang, Chen and Reinwald, Berthold and {\"O}zcan, Fatma},
  journal={Proceedings of the VLDB Endowment},
  volume={8},
  number={13},
  pages={2110--2121},
  year={2015},
  publisher={VLDB Endowment}
}

@misc{java_stream,
  title={{Java API for Stream interface}},
  howpublished={\url{https://docs.oracle.com/javase/8/docs/api/?java/util/stream/Stream.html}},
  note={[website] accessed 11 may 2019}
}

@misc{web:spark,
  title={{Apache Spark}},
  howpublished={\url{https://spark.apache.org/}},
  note={[website] accessed 11 may 2019}
}

@misc{spark_programming_guide,
  title={{Apache Spark: RDD Programming Guide}},
  howpublished={\url{https://spark.apache.org/docs/latest/rdd-programming-guide.html}},
  note={[website] accessed 11 may 2019}
}

@misc{web:spark_streaming,
  title={{Apache Spark Streaming}},
  howpublished={\url{https://spark.apache.org/streaming/}},
  note={[website] accessed 11 may 2019}
}

@inproceedings{rdd_fault_tolerance,
  title={Resilient distributed datasets: A fault-tolerant abstraction for in-memory cluster computing},
  author={Zaharia, Matei and Chowdhury, Mosharaf and Das, Tathagata and Dave, Ankur and Ma, Justin and McCauley, Murphy and Franklin, Michael J and Shenker, Scott and Stoica, Ion},
  booktitle={Proceedings of the 9th USENIX conference on Networked Systems Design and Implementation},
  pages={2--2},
  year={2012},
  organization={USENIX Association}
}

@inproceedings{dstreams,
  title={Discretized streams: Fault-tolerant streaming computation at scale},
  author={Zaharia, Matei and Das, Tathagata and Li, Haoyuan and Hunter, Timothy and Shenker, Scott and Stoica, Ion},
  booktitle={Proceedings of the twenty-fourth ACM symposium on operating systems principles},
  pages={423--438},
  year={2013},
  organization={ACM}
}

@inproceedings{spark_vs_storm,
  title={Benchmarking streaming computation engines: Storm, flink and spark streaming},
  author={Chintapalli, Sanket and Dagit, Derek and Evans, Bobby and Farivar, Reza and Graves, Thomas and Holderbaugh, Mark and Liu, Zhuo and Nusbaum, Kyle and Patil, Kishorkumar and Peng, Boyang Jerry and others},
  booktitle={2016 IEEE international parallel and distributed processing symposium workshops (IPDPSW)},
  pages={1789--1792},
  year={2016},
  organization={IEEE}
}

@book{facade_pattern,
  title={Design patterns: elements of reusable object-oriented software},
  author={Gamma, Erich},
  year={1995},
  publisher={Pearson Education India},
  pages={185--193}
}

@inproceedings{rum_basis_2,
  title={Modeling resources in a UML-based simulative environment},
  author={Ammar, Hany H and Cortellessa, Vittorio and Ibrahim, Alaa},
  booktitle={Proceedings ACS/IEEE International Conference on Computer Systems and Applications},
  pages={405--410},
  year={2001},
  organization={IEEE}
}

@inproceedings{rum_basis_89,
  title={Remes: A resource model for embedded systems},
  author={Seceleanu, Cristina and Vulgarakis, Aneta and Pettersson, Paul},
  booktitle={2009 14th IEEE International Conference on Engineering of Complex Computer Systems},
  pages={84--94},
  year={2009},
  organization={IEEE}
}

@inproceedings{steven_te_brinke,
  title={Towards modular resource-aware applications},
  author={Malakuti, Somayeh and te Brinke, Steven and Bermans, Lodewijk and Bockisch, Christoph},
  booktitle={Proceedings of the 3rd international workshop on Variability \& Composition},
  pages={13--18},
  year={2012},
  organization={ACM}
}

@misc{web:choco,
  title={{Choco Solver}},
  howpublished={\url{http://www.choco-solver.org/}},
  note={[website] accessed 12 may 2019}
}

@misc{web:opta,
  title={{OptaPlanner}},
  howpublished={\url{https://www.optaplanner.org/}},
  note={[website] accessed 12 may 2019}
}

@inproceedings{choco_ibex,
  title={Combining finite and continuous solvers Towards a simpler solver maintenance},
  author={Fages, Jean-Guillaume and Chabert, Gilles and Prud'Homme, Charles},
  booktitle={The 19th International Conference on Principles and Practice of Constraint Programming},
  pages={TRICS--13},
  year={2013}
}

@misc{web:ublox,
  title={{U-blox: SARA-N3 series}},
  howpublished={\url{https://www.u-blox.com/en/product/sara-n3-series}},
  note={[website] accessed 12 may 2019}
}

@article{movement_to_cellular,
  title={Technologies for 5G networks: Challenges and opportunities},
  author={Al-Falahy, Naser and Alani, Omar Y},
  journal={IT Professional},
  volume={19},
  number={1},
  pages={12--20},
  year={2017},
  publisher={IEEE}
}

@article{movement_to_cellular_2,
  title={Evolution towards fifth generation (5G) wireless networks: Current trends and challenges in the deployment of millimetre wave, massive MIMO, and small cells},
  author={Alsharif, Mohammed H and Nordin, Rosdiadee},
  journal={Telecommunication Systems},
  volume={64},
  number={4},
  pages={617--637},
  year={2017},
  publisher={Springer}
}


@misc{device_level,
  title={{Getting ready for IoT monitoring}},
  howpublished={\url{ttps://www.iot-now.com/2016/11/17/55128-getting-ready-for-iot-monitoring/}},
  note={[website] accessed 14 may 2019}
}

@article{stream_requirements,
  title={The 8 requirements of real-time stream processing},
  author={Stonebraker, Michael and {\c{C}}etintemel, Uǧur and Zdonik, Stan},
  journal={ACM Sigmod Record},
  volume={34},
  number={4},
  pages={42--47},
  year={2005},
  publisher={ACM}
}

@article{iot_big_data_difficulties,
  title={Processing distributed internet of things data in clouds},
  author={Wang, Lizhe and Ranjan, Rajiv},
  journal={IEEE Cloud Computing},
  volume={2},
  number={1},
  pages={76--80},
  year={2015},
  publisher={IEEE}
}

@inproceedings{defer_cloud,
  title={Fog computing and its role in the internet of things},
  author={Bonomi, Flavio and Milito, Rodolfo and Zhu, Jiang and Addepalli, Sateesh},
  booktitle={Proceedings of the first edition of the MCC workshop on Mobile cloud computing},
  pages={13--16},
  year={2012},
  organization={ACM}
}

@article{snmp_architecture,
  title={Applying snmp technology to manage the sensors in internet of things},
  author={Hui-Ping, Huang and Shi-De, Xiao and Xiang-Yin, Meng},
  journal={Open Cybernetics \& Systemics Journal},
  volume={9},
  pages={1019--1024},
  year={2015}
}

@article{nr_devices_gartner,
  title={Gartner says the Internet of Things will transform the Data Center},
  author={Rivera, J and van der Meulen, R},
  journal={Retrieved August},
  volume={5},
  pages={2014},
  year={2014}
}

@inproceedings{benefits_cloud_to_iot,
  title={On the integration of cloud computing and internet of things},
  author={Botta, Alessio and De Donato, Walter and Persico, Valerio and Pescap{\'e}, Antonio},
  booktitle={2014 International Conference on Future Internet of Things and Cloud},
  pages={23--30},
  year={2014},
  organization={IEEE}
}

@article{qos_challenges,
  title={Quality of service (QoS) provisions in wireless sensor networks and related challenges},
  author={Bhuyan, Bhaskar and Sarma, Hiren Kumar Deva and Sarma, Nityananda and Kar, Avijit and Mall, Rajib},
  journal={Wireless Sensor Network},
  volume={2},
  number={11},
  pages={861},
  year={2010},
  publisher={Scientific Research Publishing}
}

@article{qos_multi_layer_strategies,
  title={Performance evaluation of WSN management system for QoS guarantee},
  author={Said, Omar},
  journal={EURASIP Journal on Wireless Communications and Networking},
  volume={2015},
  number={1},
  pages={220},
  year={2015},
  publisher={Nature Publishing Group}
}

@article{energy_challenges,
  title={Energy conservation challenges in wireless sensor networks: A comprehensive study},
  author={Tarannum, Suraiya},
  journal={Wireless Sensor Network},
  volume={2},
  number={06},
  pages={483},
  year={2010},
  publisher={Scientific Research Publishing}
}

@article{energy_survey,
  title={Energy conservation in wireless sensor networks: A survey},
  author={Anastasi, Giuseppe and Conti, Marco and Di Francesco, Mario and Passarella, Andrea},
  journal={Ad hoc networks},
  volume={7},
  number={3},
  pages={537--568},
  year={2009},
  publisher={Elsevier}
}

@article{on_duty_cycling,
  title={Survey and taxonomy of duty cycling mechanisms in wireless sensor networks},
  author={Carrano, Ricardo C and Passos, Diego and Magalhaes, Luiz CS and Albuquerque, Celio VN},
  journal={IEEE Communications Surveys \& Tutorials},
  volume={16},
  number={1},
  pages={181--194},
  year={2013},
  publisher={IEEE}
}

@inproceedings{deriving_rum_1,
  title={A tool-supported approach for modular design of energy-aware software},
  author={te Brinke, Steven and Malakuti, Somayeh and Bockisch, Christoph and Bergmans, Lodewijk and Ak{\c{s}}it, Mehmet and Katz, Shmuel},
  booktitle={Proceedings of the 29th Annual ACM Symposium on Applied Computing},
  pages={1206--1212},
  year={2014},
  organization={ACM}
}

@inproceedings{deriving_rum_2,
  title={Deriving minimal models for resource utilization},
  author={Brinke, Steven te and Bockisch, Christoph and Bergmans, Lodewijk and Malakuti, Somayeh and Ak{\c{s}}it, Mehmet and Katz, Shmuel},
  booktitle={Proceedings of the 2013 workshop on Green in/by software engineering},
  pages={15--18},
  year={2013},
  organization={ACM}
}

@article{qos_definition,
  title={Quality of service approaches in IoT: A systematic mapping},
  author={White, Gary and Nallur, Vivek and Clarke, Siobh{\'a}n},
  journal={Journal of Systems and Software},
  volume={132},
  pages={186--203},
  year={2017},
  publisher={Elsevier}
}